@inproceedings{Martin-Nipkow-CADE-90,
  author    = {Ursula Martin and Tobias Nipkow},
  title     = {Ordered Rewriting and Confluence},
  booktitle = {Proc. 10th Int. Conf. Automated Deduction},
  editor    = {M.E. Stickel},
  year      = 1990,
  publisher = {Springer},
  series    = {LNCS},
  volume    = 449,
  pages     = {366--380}
}

@inproceedings{white:2023,
  title={A Prompt Pattern Catalog to Enhance Prompt Engineering with ChatGPT},
  author={White, Jules and Fu, Quchen and Hays, Sam and Sandborn, Michael and Olea, Carlos and Gilbert, Henry and Elnashar, Ashraf and Spencer-Smith, Jesse and Schmidt, Douglas C.},
  booktitle={Proceedings of the 22nd ACM SIGPLAN Symposium on Principles and Practices of Parallel Programming (PPoPP)},
  year={2023}
}

@book{zhou:2023,
  title={Prompt Design Patterns: Mastering the Art and Science of Prompt Engineering},
  author={Yi Zhou},
  publisher={Argolong Publishing, Seattle, Washington},
  year={2023},
}

@Article{marsland:82,
  author = 	 {Tony A. Marsland and Murray Campbell},
  title = 	 {Parallel Search of Strongly Ordered Game Trees},
  journal = 	 {ACM Computing Surveys},
  year = 	 {1982},
  volume = 	 {14},
  number = 	 {4},
  pages = 	 {533-551},
}

@Article{martelli:1982,
  author = 	 {Alberto Martelli and Ugo Montanari},
  title = 	 {An Efficient Unification Algorithm},
  journal = 	 {ACM Transactions on Programming Languages and Systems (TOPLAS)},
  year = 	 {1982},
  volume = 	 {4},
  number = 	 {2},
  pages = 	 {258-282},
}

@book{baader:1998,
  author    = {Franz Baader and Tobias Nipkow},
  title     = {Term Rewriting and All That},
  publisher = {Cambridge University Press},
  year      = {1998},
  isbn      = {978-0-521-45520-6}
}

@Book{dechter:2003,
  author = 	 {Rina Dechter},
  title = 	 {Constraint Processing},
  publisher = 	 {Morgan Kaufmann},
  year = 	 {2003},
}

@Book{kowalczyk:2017,
  author = 	 {Alexandre Kowalczyk},
  title = 	 {Support Vector Machines Succinctly},
  publisher = 	 {Syncfusion},
  year = 	 {2017},
}

@incollection{knuth:1970,
  author = 	 {Donald E. Knuth and Peter B. Bendix},
  editor = 	 {J. Leech},
  booktitle = 	 {Computational Problems in Abstract Algebra},
  title = 	 {Simple Word Problems in Universal Algebras},
  publisher = 	 {Pergamon Press},
  year = 	 {1970},
  pages = 	 {263-297}
}

@Book{bryson:1969,
  author = 	 {Bryson, Jr., Arthur Earl and Ho, Yu-Chi},
  title = 	 {Applied Optimal Control: Optimization, Estimation, and Control},
  publisher = 	 {Blaisdell Pub., Waltham, Massachusetts},
  year = 	 {1969},
}

@book{chollet:2017,
 author     = {Chollet, Francois},
 title      = {Deep Learning with Python},
 year       = {2017},
 edition    = {1st},
 publisher  = {Manning Publications},
 address    = {Greenwich, CT, USA}
} 

@Book{ghallab:2004,
  author    = 	 {Malik Ghallab and Dana Nau and Paolo Traverso},
  title     = 	 {Automated Planning: Theory and Practice},
  publisher = 	 {Morgan Kaufmann Publishers},
  year      = 	 {2004}
}

@Article{korf:1985,
  author = 	 {Richard Korf},
  title = 	 {Depth-first Iterative-Deepening: An Optimal Admissible Tree Search},
  journal = 	 {Artificial Intelligence},
  year = 	 {1985},
  volume = 	 {27},
  pages = 	 {97-109},
}

@article{samuel:1959,
  author   = {Arthur L. Samuel},
  title    = {Some Studies in Machine Learning Using the Game of Checkers},
  journal  = {IBM Journal},
  volume   = {3},
  number   = {3},
  year     = {1959},
  pages    = {535-554},
}

@Article{hart:1968,
  author = 	 {Peter Hart and Nils Nilsson and Bertram Raphael},
  title = 	 {A Formal Basis for the Heuristic Determination of Minimum Cost Paths},
  journal = 	 {IEEE Transactions on Systems Science and Cybernetics SSC4},
  year = 	 {1968},
  volume = 	 {4},
  number = 	 {2},
  pages = 	 {100-107},
}
@Article{hart:1972,
  author = 	 {Peter Hart and Nils Nilsson and Bertram Raphael},
  title = 	 {Correction to ``{A} Formal Basis for the Heuristic Determination of Minimum Cost Paths''},
  journal = 	 {SIGART Newsletter},
  year = 	 {1972},
  volume =       {37},
  pages =        {28-29},
}

@Book{james:2014,
  author = 	 {Gareth James and Daniela Witten and Trevor Hastie and Robert Tibshirani},
  title = 	 {An Introduction to Statistical Learning: with Applications in R},
  publisher = 	 {Springer},
  year = 	 {2014},
}

@article{knuth:1975,
  author   = {Donald E. Knuth and Ronald W. Moore},
  title    = {An Analysis of Alpha-Beta Pruning},
  journal  = {Artificial Intelligence},
  volume   = 6,
  number   = 4,
  pages    = {293--326},
  year     = 1975
}

@Book{russell:2020,
  author =       {Stuart Russell and Peter Norvig},
  title = 	 {Artificial Intelligence: A Modern Approach},
  publisher = 	 {Pearson Education Limited},
  edition =      {4rd},
  year = 	 {2020}
}

@Book{russell:2009,
  author =       {Stuart Russell and Peter Norvig},
  title = 	 {Artificial Intelligence: A Modern Approach},
  publisher = 	 {Pearson Education Limited},
  edition =      {3rd},
  year = 	 {2009}
}

@Book{snyman:2005,
  author = 	 {Jan A. Snyman},
  title = 	 {Practical Mathematical Optimization: An Introduction to Basic Optimization Theory and Classical and New Gradient-Based Algorithms.},
  publisher = 	 {Springer Publishing},
  year = 	 {2005}
}


@Article{wengert:1964,
  author = 	 {R.E.~Wengert},
  title = 	 {A Simple Automatic Derivative Evaluation Program},
  journal = 	 {Communications of the ACM},
  year = 	 {1964},
  volume = 	 {7},
  number = 	 {8},
  pages = 	 {463-464}
}

@Article{baydin:2018,
  author = 	 {Atılım Güneş Baydin and Barak A. Pearlmutter and Alexey Andreyevich Radul and Jeffrey Mark Siskind},
  Title = 	 {Automatic Differentiation in Machine Learning: a Survey},
  journal = 	 {Journal of Machine Learning Research},
  year = 	 {2018},
  volume = 	 {18},
  pages = 	 {1-43},
}

@Article{silver:2016,
  author = 	 {David Silver and Aja Huang and Chris J. Maddison and Arthur Guez and Laurent Sifre and George van den Driessche and Julian Schrittwieser and Ioannis Antonoglou and Veda Panneershelvam and Marc Lanctot and Sander Dieleman and Dominik Grewe and John Nham and Nal Kalchbrenner and Ilya Sutskever and Timothy Lillicrap and Madeleine Leach and Koray Kavukcuoglu and Thore Graepel and Demis Hassabis},
  title = 	 {Mastering the game of Go with deep neural networks and tree search},
  journal = 	 {Nature},
  year = 	 {2016},
  volume = 	 {529},
  pages = 	 {484},
}

@Book{nielsen:2015,
  author = 	 {Michael A. Nielsen},
  title = 	 {Neural Networks and Deep Learning},
  publisher = 	 {Determination Press},
  year = 	 {2019},
}

@incollection{rumelhart:1986,
 author  = {David E.~Rumelhart and Geoffrey E.~Hinton and Ronald J. Williams},
 title   = {Learning Internal Representations by Error Propagation},
 booktitle    = {Parallel Distributed Processing: Explorations in the Microstructure of Cognition, Vol. 1},
 editor  = {Rumelhart, David E. and McClelland, James L.},
 year    = {1986},
 pages   = {318--362},
 numpages = {45},
 publisher = {MIT Press},
} 


@Article{cortes:1995,
  author = 	 {Corinna Cortes and Vladimir Vapnik},
  title = 	 {Support-Vector Networks},
  journal = 	 {Machine Learning},
  year = 	 {1995},
  volume = 	 {20},
  number = 	 {3},
  pages = 	 {273-297},
}

